@article{b1,
	title={IoT based Fetal Monitoring System for Prenatal Care},
	author={Sowjanya, K and Dharani, D and Monisha, S and Kaviya, K and Logasundari, T and Sowmiya, M},
	journal={International Journal of Research in Engineering, Science and Management},
	volume={6},
	number={6},
	pages={18--22},
	year={2023}
}

@article{b2,
	title={A phonocardiographic-based fiber-optic sensor and adaptive filtering system for noninvasive continuous fetal heart rate monitoring},
	author={Martinek, Radek and Nedoma, Jan and Fajkus, Marcel and Kahankova, Radana and Konecny, Jaromir and Janku, Petr and Kepak, Stanislav and Bilik, Petr and Nazeran, Homer},
	journal={Sensors},
	volume={17},
	number={4},
	pages={890},
	year={2017},
	publisher={MDPI}
}